//first cite for plain SASL
@techreport{zeilenga2006plain,
	title={The PLAIN Simple Authentication and Security Layer (SASL) Mechanism},
	author={Zeilenga, Kurt},
	year={2006},
	institution={RFC 4616, August}
}

//QoS in VoIP
@techreport{ITU-T Recommendation G.114 ,
	title={SERIES G: TRANSMISSION SYSTEMS AND MEDIA, DIGITAL SYSTEMS AND NETWORKS},
	year={05/2003},
}